@misc{parallelreduction,
author = {Mark Harris},
title = {Optimizing Parallel Reduction in CUDA  },
year = {2007},
howpublished={\url{http://developer.download.nvidia.com/compute/cuda/1_1/Website/projects/reduction/doc/reduction.pdf   }}
}

@misc{cudaprogrammingguide,
author = {NVIDIA},
title = {NVIDIA CUDA C Programming Guide Version 3.1.1},
year = {2010},
month = {7},
howpublished={\url{http://developer.download.nvidia.com/compute/cuda/3_1/toolkit/docs/NVIDIA_CUDA_C_ProgrammingGuide_3.1.pdf}}
}

@InProceedings{interblockgpusync,
	author =	{Xiao, Shucai and Feng, Wu-chun},
	title = 	"{Inter-Block GPU Communication via Fast Barrier Synchronization}",
	booktitle =	{Proceedings of the 24th IEEE International Parallel and Distributed Processing Symposium (IPDPS)},
	address =	{Atlanta, Georgia, USA},
	month =	{April},
	year =	{2010},
}

@book{introductiontosvm,
  author = {Nello Cristianini and John Shawe-Taylor},
  edition = 1,
  interhash = {bd25ad1920a22e4e1214a372806ebd83},
  intrahash = {251b00a05b3df11168de911d7591490e},
  publisher = {Cambridge University Press},
  title = {An Introduction to Support Vector Machines and Other Kernel-based Learning Methods},
  url = {http://www.amazon.com/Introduction-Support-Machines-Kernel-based-Learning/dp/0521780195/ref=sr_1_1?ie=UTF8&s=books&qid=1280243230&sr=8-1},
  year = 2000,
  ean = {9780521780193},
  keywords = {svm},
  added-at = {2010-07-31T13:32:41.000+0200},
  asin = {0521780195},
  description = {An Introduction to Support Vector Machines and Other Kernel-based Learning Methods…},
  isbn = {0521780195},
  biburl = {http://www.bibsonomy.org/bibtex/2251b00a05b3df11168de911d7591490e/cscholz},
  dewey = {006.31}
}

@MastersThesis{diplomarbeit,
    author     =     {Dave Meyer},
    title     =     {{Implementierung von geometrischen Algorithmen für Support-Vektor-Maschinen}},
    school     =     {ETH Zürich},
    year     =     {2009},
    type    = {Diplomarbeit}
    }

@Manual{libsvm,
  author =	 {Chih-Chung Chang and Chih-Jen Lin},
  title =	 {{LIBSVM}: a library for support vector machines},
  year =	 {2001},
  note =	 {Software available at \url{http://www.csie.ntu.edu.tw/~cjlin/libsvm}}
}

@article{eggilbert,
  author =  {Elmer G. Gilbert},
  title =   {An iterative procedure for computing the minimum of a quadratic form on a convex set.},
  year =    {1966}, 
  journal = {SIAM Journal on Control},
  volume =  {4},
  number =  {1},
  pages =   {61-80}
}

@inproceedings{jaggi,
  author    = {Bernd G{\"a}rtner and
               Martin Jaggi},
  title     = {Coresets for polytope distance},
  booktitle = {Symposium on Computational Geometry},
  year      = {2009},
  pages     = {33-42},
  ee        = {http://doi.acm.org/10.1145/1542362.1542370},
  crossref  = {DBLP:conf/compgeom/2009},
  bibsource = {DBLP, http://dblp.uni-trier.de}
}

@proceedings{DBLP:conf/compgeom/2009,
  editor    = {John Hershberger and
               Efi Fogel},
  title     = {Proceedings of the 25th ACM Symposium on Computational Geometry,
               Aarhus, Denmark, June 8-10, 2009},
  booktitle = {Symposium on Computational Geometry},
  publisher = {ACM},
  year      = {2009},
  isbn      = {978-1-60558-501-7},
  bibsource = {DBLP, http://dblp.uni-trier.de}
}



